

% quantum volume

@BOOK{Sachdev1999,
	author={S. Sachdev},
	title= {Quantum Phase Transitions },
	publisher={~Cambridge University
	Press, Cambridge},
	year={1999},
}

@article{Coleman2005,
	author={Coleman, Piers and Schofield, Andrew J.},
	journal={Nature},
	volume={433},
	number={},
	pages={226},
	year={2005},
	abstract={}
}

@ARTICLE{Torre2010,
	author = {Dalla Torre, Emanuele G. and Demler, Eugene and Giamarchi, Thierry and Altman, Ehud},
	title = {},
	journal = {Nat. Phys.},
	year = {2010},
	volume = {6},
	number = {},
	pages = {806},
}

@article{Sachdev1997,
	title = {Low Temperature Relaxational Dynamics of the Ising Chain in a Transverse Field},
	author = {Sachdev, Subir and Young, A. P.},
	journal = {Phys. Rev. Lett.},
	volume = {78},
	issue = {11},
	pages = {2220--2223},
	numpages = {0},
	year = {1997},
	publisher = {American Physical Society}
}

@article{Kibble1976,
	year = {1976},
	month = {},
	publisher = {},
	volume = {9},
	number = {8},
	pages = {1387},
	author = {T W B Kibble},
	title = {Topology of cosmic domains and strings},
	journal = {Journal of Physics A: Mathematical and General},
	abstract = {}
}

@ARTICLE{Zurek1985,
	author = {W.H. Zurek},
	title = {Cosmological experiments in superfluid helium?},
	journal = {Nature},
	year = {1985},
	volume = {317},
	number = {},
	pages = {505},
}

@article{Zurek2005,
	title = {Dynamics of a Quantum Phase Transition},
	author = {Zurek, Wojciech H. and Dorner, Uwe and Zoller, Peter},
	journal = {Phys. Rev. Lett.},
	volume = {95},
	issue = {10},
	pages = {105701},
	numpages = {4},
	year = {2005},
	publisher = {American Physical Society}
}

@article{Dziarmaga2005,
	title = {Dynamics of a Quantum Phase Transition: Exact Solution of the Quantum Ising Model},
	author = {Dziarmaga, Jacek},
	journal = {Phys. Rev. Lett.},
	volume = {95},
	issue = {24},
	pages = {245701},
	numpages = {4},
	year = {2005},
	publisher = {American Physical Society}
}

@article{Damski2005,
	title = {The Simplest Quantum Model Supporting the Kibble-Zurek Mechanism of Topological Defect Production: Landau-Zener Transitions from a New Perspective},
	author = {Damski, Bogdan},
	journal = {Phys. Rev. Lett.},
	volume = {95},
	issue = {3},
	pages = {035701},
	numpages = {4},
	year = {2005},
	publisher = {American Physical Society}
}

@article{Titum2020,
	title = {Nonequilibrium Criticality in Quench Dynamics of Long-Range Spin Models},
	author = {Titum, Paraj and Maghrebi, Mohammad F.},
	journal = {Phys. Rev. Lett.},
	volume = {125},
	issue = {4},
	pages = {040602},
	numpages = {6},
	year = {2020},
	publisher = {American Physical Society}
}

@ARTICLE{De2023,
	author = {{De}, A. and {Cook}, P. and {Collins}, K. and {Morong}, W. and {Paz}, D. and {Titum}, P. and {Pagano}, G. and {Gorshkov}, A.~V. and {Maghrebi}, M. and {Monroe}, C.},
	title = "{Non-equilibrium critical scaling and universality in a quantum simulator}",
	journal = {arXiv e-prints},
	keywords = {Quantum Physics, Condensed Matter - Quantum Gases, Physics - Atomic Physics},
	year = 2023,
	doi = {10.48550/arXiv.2309.10856},
	archivePrefix = {arXiv},
	eprint = {2309.10856},
	adsurl = {https://ui.adsabs.harvard.edu/abs/2023arXiv230910856D},
	adsnote = {Provided by the SAO/NASA Astrophysics Data System}
}

@ARTICLE{Provost1980,
	author = {J. P. Provost and G.Vallee},
	title = {Riemannian structure on manifolds of quantum states},
	journal = {Commun. Math. Phys.},
	year = {1980},
	volume = {76},
	number = {},
	pages = {289},
}

@article{Matsuura2010,
	title = {Momentum space metric, nonlocal operator, and topological insulators},
	author = {Matsuura, Shunji and Ryu, Shinsei},
	journal = {Phys. Rev. B},
	volume = {82},
	issue = {24},
	pages = {245113},
	numpages = {13},
	year = {2010},
	publisher = {American Physical Society}
}

@article{Ma2010b,
	title = {Abelian and non-Abelian quantum geometric tensor},
	author = {Ma, Yu-Quan and Chen, Shu and Fan, Heng and Liu, Wu-Ming},
	journal = {Phys. Rev. B},
	volume = {81},
	issue = {24},
	pages = {245129},
	numpages = {5},
	year = {2010},
	publisher = {American Physical Society}
}

@BOOK{Bohm2003,
	author={Arno Bohm and  Ali Mostafazadeh and Hiroyasu Ko and Qian Niu and J. Zwanziger},
	title= {The Geometric Phase in Quantum Systems},
	publisher={~Springer, Berlin},
	year={2003},
}

@article{Yi2023,
	title = {Extracting the quantum geometric tensor of an optical Raman lattice by Bloch-state tomography},
	author = {Yi, Chang-Rui and Yu, Jinlong and Yuan, Huan and Jiao, Rui-Heng and Yang, Yu-Meng and Jiang, Xiao and Zhang, Jin-Yi and Chen, Shuai and Pan, Jian-Wei},
	journal = {Phys. Rev. Res.},
	volume = {5},
	issue = {3},
	pages = {L032016},
	numpages = {6},
	year = {2023},
	publisher = {American Physical Society}
}

@ARTICLE{Yu2019,
	author = {M. Yu and P. Yang and M. Gong and Q. Cao and Q. Lu and H. Liu and S. Zhang and M. B. Plenio and F. Jelezko and T. Ozawa and N. Goldman and J. Cai},
	title = {Experimental measurement of the quantum geometric tensor using coupled qubits in diamond},
	journal = {Natl. Sci. Rev.},
	year = {2019},
	volume = {7},
	number = {},
	pages = {254},
}

@ARTICLE{Zheng2022,
	author = {W. Zheng and J. Xu and Z. Ma and Y. Li and Y. Dong and Y. Zhang and  X.Wang and
	G. Sun and P. Wu and J. Zhao and S. Li and D. Lan and X. Tan and Y. Yu},
	title = {Measuring quantum geometric tensor of non-Abelian system in superconducting circuits},
	journal = {Chin. Phys. Lett.},
	year = {2022},
	volume = {39},
	number = {},
	pages = {100202},
}

@article{Torma2023,
	title = {Essay: Where Can Quantum Geometry Lead Us?},
	author = {T\"orm\"a, P\"aivi},
	journal = {Phys. Rev. Lett.},
	volume = {131},
	issue = {24},
	pages = {240001},
	numpages = {7},
	year = {2023},
	publisher = {American Physical Society}
}

@ARTICLE{Peotta2015,
	author = {{Peotta}, Sebastiano and {T{\"o}rm{\"a}}, P{\"a}ivi},
	title = {Superfluidity in topologically nontrivial flat bands},
	journal = {Nat. Comms},
	year = {2015},
	volume = {6},
	number = {},
	pages = {8944},
}

@article{Julku2016,
	title = {Geometric Origin of Superfluidity in the Lieb-Lattice Flat Band},
	author = {Julku, Aleksi and Peotta, Sebastiano and Vanhala, Tuomas I. and Kim, Dong-Hee and T\"orm\"a, P\"aivi},
	journal = {Phys. Rev. Lett.},
	volume = {117},
	issue = {4},
	pages = {045303},
	numpages = {6},
	year = {2016},
	publisher = {American Physical Society}
}

@ARTICLE{Peotta2023,
	author = {{Peotta}, Sebastiano and {Huhtinen}, Kukka-Emilia and {T{\"o}rm{\"a}}, P{\"a}ivi},
	title = "{Quantum geometry in superfluidity and superconductivity}",
	journal = {arXiv e-prints},
	keywords = {Condensed Matter - Quantum Gases, Condensed Matter - Superconductivity, Quantum Physics},
	year = 2023,
	eid = {arXiv:2308.08248},
	pages = {arXiv:2308.08248},
	doi = {10.48550/arXiv.2308.08248},
	archivePrefix = {arXiv},
	eprint = {2308.08248},
	primaryClass = {cond-mat.quant-gas},
	adsurl = {https://ui.adsabs.harvard.edu/abs/2023arXiv230808248P},
	adsnote = {Provided by the SAO/NASA Astrophysics Data System}
}

@ARTICLE{Tian2023,
	author = {Haidong Tian and Xueshi Gao and Yuxin Zhang abd Shi Che and Tianyi Xu and Patrick Cheung and
	Kenji Watanabe and Takashi Taniguchi and Mohit Randeria and Fan Zhang and Chun Ning Lau and Marc W. Bockrath},
	title = {Evidence for Dirac flat band superconductivity enabled by quantum geometry},
	journal = {Nature},
	year = {2023},
	volume = {641},
	number = {},
	pages = {440},
}

@article{Espinosa2024,
	year = {2023},
	month = {},
	publisher = {IOP Publishing},
	volume = {36},
	number = {1},
	pages = {015502},
	author = {Abdiel de Jesús Espinosa-Champo and Gerardo G Naumis},
	title = {Fubini–Study metric and topological properties of flat band electronic states: the case of an atomic chain with s−p orbitals},
	journal = {Journal of Physics: Condensed Matter}
}

@ARTICLE{Gianfrate2020,
	author = {A. Gianfrate and O. Bleu and L. Dominici and V. Ardizzone and M. De Giorgi and D. Ballarini and G. Lerario and K. West and L. N.
	Pfeiffer and D. D. Solnyshkov and D. Sanvitto and G. Malpuech},
	title = "{Measurement of the quantum geometric tensor and of the anomalous Hall drift}",
	journal = {Nature},
	year = {2020},
	volume = {578},
	number = {},
	pages = {381},
}

@article{Wang2021,
	title = {Intrinsic Nonlinear Hall Effect in Antiferromagnetic Tetragonal CuMnAs},
	author = {Wang, Chong and Gao, Yang and Xiao, Di},
	journal = {Phys. Rev. Lett.},
	volume = {127},
	issue = {27},
	pages = {277201},
	numpages = {6},
	year = {2021},
	publisher = {American Physical Society}
}

@ARTICLE{Gao2023,
	author = {Anyuan Gao and Yu-Fei Liu and Jian-Xiang Qiu and Barun Ghosh and Tha¨ªs V. Trevisan and Yugo Onishi and Chaowei Hu and
	Tiema Qian and Hung-Ju Tien and Shao-Wen Chen and Mengqi Huang and Damien Berube and Houchen Li and
	Christian Tzschaschel and Thao Dinh and Zhe Sun and Sheng-Chin Ho and Shang-Wei Lien and Bahadur Singh and
	Kenji Watanabe and Takashi Taniguchi and David C. Bell and Hsin Lin and Tay-Rong Chang and Chunhui Rita Du and
	Arun Bansil and Liang Fu and Ni Ni and Peter P. Orth and QiongMa and Su-Yang Xu},
	title = "{Quantum metric nonlinear Hall effect in a topological antiferromagnetic heterostructure}",
	journal = {Science},
	year = {2023},
	volume = {381},
	number = {},
	pages = {181},
	month = {},
}

@article{Braunstein1994,
	title = {Statistical distance and the geometry of quantum states},
	author = {Braunstein, Samuel L. and Caves, Carlton M.},
	journal = {Phys. Rev. Lett.},
	volume = {72},
	issue = {22},
	pages = {3439--3443},
	numpages = {0},
	year = {1994},
	publisher = {American Physical Society}
}

@article{Zanardi2007,
	title = {Information-Theoretic Differential Geometry of Quantum Phase Transitions},
	author = {Zanardi, Paolo and Giorda, Paolo and Cozzini, Marco},
	journal = {Phys. Rev. Lett.},
	volume = {99},
	issue = {10},
	pages = {100603},
	numpages = {4},
	year = {2007},
	publisher = {American Physical Society}
}

@article{Hauke2016,
	title={Measuring multipartite entanglement through dynamic susceptibilities},
	author={Hauke, Philipp and Heyl, Markus and Tagliacozzo, Luca and Zoller, Peter},
	journal={Nature Physics},
	volume={12},
	number={8},
	pages={778--782},
	year={2016},
	publisher={Nature Publishing Group UK London}
}

@ARTICLE{Yu2023,
	author = {{Yu}, Jiabin and {Ciccarino}, Christopher J. and {Bianco}, Raffaello and {Errea}, Ion and {Narang}, Prineha and {Bernevig}, B. Andrei},
	title = "{Nontrivial Quantum Geometry and the Strength of Electron-Phonon Coupling}",
	journal = {arXiv e-prints},
	keywords = {Condensed Matter - Superconductivity, Condensed Matter - Mesoscale and Nanoscale Physics, Condensed Matter - Materials Science},
	year = 2023,
	doi = {10.48550/arXiv.2305.02340},
	archivePrefix = {arXiv},
	adsurl = {https://ui.adsabs.harvard.edu/abs/2023arXiv230502340Y},
	adsnote = {Provided by the SAO/NASA Astrophysics Data System}
}

@ARTICLE{Parameswaran2013,
	author = {S. A. Parameswaran and  R. Roy and S. L. Sondhi},
	title = {Fractional
	quantum Hall physics in topological flat bands},
	journal = {C.R. Phys.},
	year = {2013},
	volume = {14},
	number = {},
	pages = {816},
	month = {},
}

@article{Neupert2015,
	author = {Titus Neupert and Claudio Chamon and Thomas Iadecola and Luiz Santos and Christopher Mudry},
	title = {Fractional (Chern and topological) insulators},
	journal = {Phys. Scr.},
	volume = {2015},
	number = {},
	pages = {014005},
	year = {2015},
}

@article{BMera2021,
	title = {K\"ahler geometry and Chern insulators: Relations between topology and the quantum metric},
	author = {Mera, Bruno and Ozawa, Tomoki},
	journal = {Phys. Rev. B},
	volume = {104},
	issue = {4},
	pages = {045104},
	numpages = {13},
	year = {2021},
	publisher = {American Physical Society}
}

@article{BMera20212,
	title = {Engineering geometrically flat Chern bands with Fubini-Study K\"ahler structure},
	author = {Mera, Bruno and Ozawa, Tomoki},
	journal = {Phys. Rev. B},
	volume = {104},
	issue = {11},
	pages = {115160},
	numpages = {16},
	year = {2021},
	publisher = {American Physical Society}
}

@article{CAROLLO20201,
	title = {Geometry of quantum phase transitions},
	journal = {Physics Reports},
	volume = {838},
	pages = {1-72},
	year = {2020},
	note = {Geometry of quantum phase transitions},
	issn = {0370-1573},
	doi = {https://doi.org/10.1016/j.physrep.2019.11.002},
	url = {https://www.sciencedirect.com/science/article/pii/S0370157319303655},
	author = {Angelo Carollo and Davide Valenti and Bernardo Spagnolo},
}

@article{Barthel2008,
	title = {Dephasing and the Steady State in Quantum Many-Particle Systems},
	author = {Barthel, T. and Schollw\"ock, U.},
	journal = {Phys. Rev. Lett.},
	volume = {100},
	issue = {10},
	pages = {100601},
	numpages = {4},
	year = {2008},
	publisher = {American Physical Society}
}

@article{Calabrese2011,
	title = {Quantum Quench in the Transverse-Field Ising Chain},
	author = {Calabrese, Pasquale and Essler, Fabian H. L. and Fagotti, Maurizio},
	journal = {Phys. Rev. Lett.},
	volume = {106},
	issue = {22},
	pages = {227203},
	numpages = {4},
	year = {2011},
	publisher = {American Physical Society}
}

@article{Mitra2018,
	author = {Mitra, Aditi},
	title = {Quantum Quench Dynamics},
	journal = {Annual Review of Condensed Matter Physics},
	volume = {9},
	number = {1},
	pages = {245-259},
	year = {2018}
}

@article{Ozawa20210,
	title = {Relations between topology and the quantum metric for Chern insulators},
	author = {Ozawa, Tomoki and Mera, Bruno},
	journal = {Phys. Rev. B},
	volume = {104},
	issue = {4},
	pages = {045103},
	numpages = {13},
	year = {2021},
	publisher = {American Physical Society},
	doi = {10.1103/PhysRevB.104.045103},
	url = {https://link.aps.org/doi/10.1103/PhysRevB.104.045103}
}

@article{Kitaev2001,
	year = {2001},
	month = {},
	publisher = {},
	volume = {44},
	number = {},
	pages = {131},
	author = {A. Kitaev},
	title = {},
	journal = {Phys.-Usp. },
	abstract = {}
}

@article{Qi2006,
	title = {Topological quantization of the spin Hall effect in two-dimensional paramagnetic semiconductors},
	author = {Qi, Xiao-Liang and Wu, Yong-Shi and Zhang, Shou-Cheng},
	journal = {Phys. Rev. B},
	volume = {74},
	issue = {8},
	pages = {085308},
	numpages = {7},
	year = {2006},
	publisher = {American Physical Society},
	doi = {10.1103/PhysRevB.74.085308},
	url = {https://link.aps.org/doi/10.1103/PhysRevB.74.085308}
}

@article{Souza2000,
	title = {Polarization and localization in insulators: Generating function approach},
	author = {Souza, Ivo and Wilkens, Tim and Martin, Richard M.},
	journal = {Phys. Rev. B},
	volume = {62},
	issue = {3},
	pages = {1666--1683},
	numpages = {0},
	year = {2000},
	publisher = {American Physical Society},
	doi = {10.1103/PhysRevB.62.1666},
	url = {https://link.aps.org/doi/10.1103/PhysRevB.62.1666}
}

@book{Francesco:2012aa,
	title={Conformal field theory},
	author={Francesco, Philippe and Mathieu, Pierre and S{\'e}n{\'e}chal, David},
	year={2012},
	publisher={Springer Science \& Business Media}
}

@article{Wehling:2014aa,
	author = {T.O. Wehling, A.M. Black-Schaffer and A.V. Balatsky},
	title = {Dirac materials},
	journal = {Advances in Physics},
	volume = {63},
	number = {1},
	pages = {1--76},
	year = {2014},
	publisher = {Taylor \& Francis},
	doi = {10.1080/00018732.2014.927109},
	URL = {https://doi.org/10.1080/00018732.2014.927109},
	eprint = {https://doi.org/10.1080/00018732.2014.927109}	
}

@book{Gogolin:2004aa,
	title={Bosonization and Strongly Correlated Systems},
	author={Gogolin, A.O. and Nersesyan, A.A. and Tsvelik, A.M.},
	isbn={9780521617192},
	lccn={97035519},
	url={https://books.google.co.jp/books?id=BZDfFIpCoaAC},
	year={2004},
	publisher={Cambridge University Press}
}
